
@article{giyo80,
	doi = {10.1016/0022-0000(80)90009-4},
	url = {https://doi.org/10.1016%2F0022-0000%2880%2990009-4},
	year = 1980,
	month = {jun},
	publisher = {Elsevier {BV}},
	volume = {20},
	number = {3},
	pages = {277--284},
	author = {A. Ginzburg and M. Yoeli},
	title = {Vector addition systems and regular languages},
	journal = {Journal of Computer and System Sciences}
}

@article{vavn81,
  title={Petri Nets and Regular Languages},
  author={R. Valk and G. Vidal-Naquet},
  journal={J. Comput. Syst. Sci.},
  year={1981},
  volume={23},
  pages={299-325}
}

@article{rasc59,
author = {Rabin, Michael and Scott, Dana},
year = {1959},
month = {04},
pages = {114-125},
title = {Finite Automata and Their Decision Problems},
volume = {3},
journal = {IBM Journal of Research and Development},
doi = {10.1147/rd.32.0114}
}

@article{vaja85,
    author    = {R{\"{u}}diger Valk and Matthias Jantzen},
    title     = {The Residue of Vector Sets with Applications to Decidability Problems in Petri Nets},
    journal   = {Acta Informatica},
    volume    = {21},
    pages     = {643--674},
    year      = {1985},
    url       = {https://doi.org/10.1007/BF00289715},
    doi       = {10.1007/BF00289715},
    timestamp = {Sun, 21 Jun 2020 17:38:18 +0200},
    biburl    = {https://dblp.org/rec/journals/acta/ValkJ85.bib},
    bibsource = {dblp computer science bibliography, https://dblp.org}
}

@incollection{GHKNS-til2020,
  volume = 53,
  series = {Trends In Logic},
  publisher = {Springer},
  booktitle = {Well-Quasi Orders in Computation, Logic, Language and Reasoning},
  editor = {Schuster, Peter M. and Seisenberger, Monika and Weiermann, Andreas},
  author = {Jean Goubault{-}Larrecq and Simon Halfon and P. Karandikar and K. {Narayan Kumar} and {\relax Ph}ilippe Schnoebelen},
  title = {The Ideal Approach to Computing Closed Subsets in Well-Quasi-Orderings},
  pages = {55-105},
  year = 2020,
  doi = {10.1007/978-3-030-30229-0_3}
}
